<record><leader>00000cas a22000007a 4500</leader><controlfield tag="001">10944923</controlfield><controlfield tag="008">840713d18251835nhuwr ne      0    0eng d</controlfield><controlfield tag="009">330</controlfield><datafield ind1=" " ind2=" " tag="010"><subfield code="a">sn 84023677 </subfield></datafield><datafield ind1=" " ind2=" " tag="040"><subfield code="a">AQM</subfield><subfield code="b">eng</subfield><subfield code="c">AQM</subfield><subfield code="d">OCLCG</subfield><subfield code="d">DLC</subfield><subfield code="d">OCLCF</subfield></datafield><datafield ind1="1" ind2=" " tag="029"><subfield code="a">AU@</subfield><subfield code="b">000025826680</subfield></datafield><datafield ind1=" " ind2=" " tag="042"><subfield code="a">msc</subfield></datafield><datafield ind1=" " ind2=" " tag="043"><subfield code="a">n-us-nh</subfield></datafield><datafield ind1="0" ind2="0" tag="050"><subfield code="a">Newspaper</subfield></datafield><datafield ind1="0" ind2="0" tag="245"><subfield code="a">New-Hampshire spectator.</subfield></datafield><datafield ind1="0" ind2="3" tag="246"><subfield code="a">New Hampshire spectator</subfield></datafield><datafield ind1=" " ind2=" " tag="260"><subfield code="a">Newport, N.H. :</subfield><subfield code="b">Cyrus Barton,</subfield><subfield code="c">1825-</subfield></datafield><datafield ind1=" " ind2=" " tag="300"><subfield code="a">v. ;</subfield><subfield code="c">49-64 cm.</subfield></datafield><datafield ind1=" " ind2=" " tag="310"><subfield code="a">Weekly</subfield></datafield><datafield ind1="0" ind2=" " tag="362"><subfield code="a">Vol. 1, no. 1 (Jan. 12, 1825)-</subfield></datafield><datafield ind1="1" ind2=" " tag="362"><subfield code="a">Ceased in June 1835?</subfield><subfield code="z">Cf. Amer. newspapers, 1821-1936.</subfield></datafield><datafield ind1=" " ind2=" " tag="500"><subfield code="a">Editors: C. Barton, 1825-&lt;1827&gt;; B. French, &lt;1829-1831&gt;; French &amp; Brown, &lt;1832&gt;; S. Brown, 1833-&lt;1834&gt;.</subfield></datafield><datafield ind1=" " ind2=" " tag="500"><subfield code="a">Publishers: Aldrich &amp; Barton, &lt;1827&gt;; French &amp; Metcalf, &lt;1829&gt;-1830; French &amp; Brown, 1830-1832; S. Brown, 1832-&lt;1834&gt;.</subfield></datafield><datafield ind1=" " ind2=" " tag="515"><subfield code="a">Issues for &lt;Dec. 18, 1827-  &gt; also called: Whole no. &lt;154-  &gt;.</subfield></datafield><datafield ind1=" " ind2="0" tag="651"><subfield code="a">Newport (N.H. : Town)</subfield><subfield code="v">Newspapers.</subfield></datafield><datafield ind1=" " ind2="7" tag="655"><subfield code="a">Newspapers.</subfield><subfield code="2">rbgenr</subfield></datafield><datafield ind1=" " ind2="7" tag="655"><subfield code="a">Newspapers.</subfield><subfield code="2">fast</subfield><subfield code="0">(OCoLC)fst01423814</subfield></datafield><datafield ind1=" " ind2="7" tag="651"><subfield code="a">New Hampshire</subfield><subfield code="z">Newport (Town)</subfield><subfield code="2">fast</subfield><subfield code="0">(OCoLC)fst01331930</subfield></datafield><datafield ind1="1" ind2=" " tag="700"><subfield code="a">Barton, Cyrus,</subfield><subfield code="d">1795-1855.</subfield></datafield><datafield ind1="1" ind2=" " tag="700"><subfield code="a">French, Benjamin B.</subfield><subfield code="q">(Benjamin Brown),</subfield><subfield code="d">1800-1870.</subfield></datafield><datafield ind1="1" ind2=" " tag="700"><subfield code="a">Brown, Simon,</subfield><subfield code="d">1802-1873.</subfield></datafield><datafield ind1=" " ind2=" " tag="752"><subfield code="a">United States</subfield><subfield code="b">New Hampshire</subfield><subfield code="c">Sullivan</subfield><subfield code="d">Newport.</subfield></datafield><datafield ind1="0" ind2="0" tag="780"><subfield code="t">Claremont spectator</subfield><subfield code="w">(DLC)sn 84023676</subfield></datafield><datafield ind1="0" ind2="7" tag="785"><subfield code="t">New-Hampshire Argus</subfield><subfield code="w">(DLC)sn 84023678</subfield></datafield><datafield ind1="0" ind2="7" tag="785"><subfield code="t">N.H. Argus and spectator</subfield><subfield code="w">(DLC)sn 84023679</subfield><subfield code="w">(OCoLC)10945460</subfield></datafield></record>